% Macrofile
% Format: @string {<macro-you-write> = <what-will-be-shown-in-compilation>}

@string {me = "Henning Lund-Hanssen"}
@string {sup = "Trevor Clancy"}
@string {cosup = "Eivind Hovig"}
@string {ifi = "Institute of Informatics"}
@string {UiO = "University of Oslo"}
@string {opk = "Kriens, Peter"}
