% Article references
@Article{beyondpsa,
    author = {John R. Prensner and Mark A. Ruin and John T. Wei and Arul M. Chinnayiyan},
    title = {Beyond PSA: The next generation of prostate cancer biomarkers},
    journal = {Sci Transl Med},
    year = {2012},
    volume = {1}
}

% pubmed 21307934
@Article{psa-age, 
    author = {Michael F.Berger and Michael S. Lawrence and Francesca Demichelis and Yotam Drier and Kristian Cibulskis
        and Andrey Y. Sivachenko and Andrea Sboner and Raquel Esgueva and Lukas Habegger and Lauren Ambrogio and Timothy
    Fennell and Melissa Parkin and Gordon Saksena and Douglas Voet and Alex H. Ramos and Trevor J. Pugh and Jane
    Wilkinson and Sheila Fisher and Wendy Winckler and Scott Mahan and Kristin Ardlie and Jennifer
    Baldwin and Jonathan W. Simons and Naoki Kitabayashi and Theresa Y. MacDonald and Philip W. Kantoff and Lynda Chin
    and Stacey B. Gabriel and Mark B. Gerstein and Todd R. Golub and Matthew Meyerson and Ashutosh Tewari and Eric S.
    Lander and Gad Getz and Mark A. Rubin and Levi A. Garraway},
    title = {The genomic complexity of primary human prostate cancer},
    journal = {Nature},
    year = {2011},
    volume = {1}
}

@Article{pca3-size,
    author = {Alexander Haesea and Alexandre de la Tailleb and Hendrik van Poppelc and Michael Marbergerd and
        Arnulf Stenzle and Peter F.A. Muldersf and Hartwig Hulandg and Clément-Claude Abboub and Mesut Remzid and
        Martina Tinzld and Susan Feyerabende and Alexander B. Stillebroerf and Martijn P.M.Q. van Gilsf and
        Jack A. Schalkenf},
    title = {Clinical Utility of the PCA3 Urine Assay in European Men Scheduled for Repeat Biopsy},
    journal = {European Urology},
    year = {2008},
    volume = {54}
}

% Conference references
@conference{osgi-peter-kriens,
    author = {opk},
    title = {OSGi Introductory Tutorial By Peter Kriens},
    booktitle = {Øredev, Øresund Developers Conference, OSGi Introductory Tutorial By Peter Kriens},
    publisher = {IBM, aQuote and OSGi Alliance},
    year = {2006},
    url = {http://archive.oredev.org/download/18.5bd7fa0510edb4a8ce4800019273/1385354018499/Peter_Kriens_-_Workshop_OSGi_Hands-on.pdf},
    urldate = {2015-05-08}
}

% Online references
@online{gm,
    url = {http://www.genemania.org/},
    urldate = {2015-05-07}
}

@online{str,
    url = {http://string-db.org/},
    urldate = {2015-05-07}
}

@online{iri,
    url = {http://irefindex.org/wiki/index.php?title=iRefIndex},
    urldate = {2015-05-07}
}
@online{iridb,
    url = {http://apps.cytoscape.org/apps/irefscape},
    urldate = {2015-05-07}
}
@online{gmdb,
    url = {http://apps.cytoscape.org/apps/genemania},
    urldate = {2015-05-07}
}
@online{cytoscape-osgi,
    url = {http://wiki.cytoscape.org/Cytoscape_3/AppDeveloper},
    urldate = {2015-05-08}
}
@online{galaxy,
    url = {https://usegalaxy.org/},
    urldate = {2015-05-08}
}
@online{cancerfacts,
    url = {http://www.cancer.gov/cancertopics/types/prostate/psa-fact-sheet},
    urldate = {2015-05-11}
}
@online{biomarker1,
    author = {Dr Ananya Mandal, MD},
    url = {http://www.news-medical.net/health/What-is-a-Biomarker.aspx},
    urldate = {2015-05-12}
}
@online{ngs1,
    url = {http://www.illumina.com/technology/next-generation-sequencing.html},
    urldate = {2015-05-11}
}
