@Article{ID,
    author = {Author},
    title = {Title},
    journal = {Journal},
    year = {2015}
}

% Testing of macros
@Article{tester,
    author = {me},
    title = {ifi},
    journal = {uio},
    year = {2015}
}

@online{gm,
    url = {http://www.genemania.org/},
    urldate = {2015-05-07}
}

@online{str,
    url = {http://string-db.org/},
    urldate = {2015-05-07}
}

@online{iri,
    url = {http://irefindex.org/wiki/index.php?title=iRefIndex},
    urldate = {2015-05-07}
}
